% This file was created with JabRef 2.9.2.
% Encoding: Cp1252

@article {CPSP:CPSP1164,
author = {Harvey, Allison G. and Talbot, Lisa S. and Gershon, Anda},
title = {Sleep Disturbance in Bipolar Disorder Across the Lifespan},
journal = {Clinical Psychology: Science and Practice},
volume = {16},
number = {2},
publisher = {Blackwell Publishing Inc},
issn = {1468-2850},
url = {http://dx.doi.org/10.1111/j.1468-2850.2009.01164.x},
doi = {10.1111/j.1468-2850.2009.01164.x},
pages = {256--277},
keywords = {adolescents, adults, bipolar disorder, children, hypersomnia, insomnia, sleep},
year = {2009},
}

@inproceedings{Min:2014:TNT:2556288.2557220,
 author = {Min, Jun-Ki and Doryab, Afsaneh and Wiese, Jason and Amini, Shahriyar and Zimmerman, John and Hong, Jason I.},
 title = {Toss 'N' Turn: Smartphone As Sleep and Sleep Quality Detector},
 booktitle = {Proceedings of the SIGCHI Conference on Human Factors in Computing Systems},
 series = {CHI '14},
 year = {2014},
 isbn = {978-1-4503-2473-1},
 location = {Toronto, Ontario, Canada},
 pages = {477--486},
 numpages = {10},
 url = {http://doi.acm.org/10.1145/2556288.2557220},
 doi = {10.1145/2556288.2557220},
 acmid = {2557220},
 publisher = {ACM},
 address = {New York, NY, USA},
 keywords = {machine learning, sensors, sleep, smartphone},
} 
